%%%%%%%%%%%%%%%%%%%%%%%%
%
% $Autor: Hemanth Jadiswami Prabhakaran $
% $Datum: 2025-04-04 15:55:03Z $
% $Pfad: GitHub/BA25-01-Time-Series/Documents/MyLiterature.bib $
% $Version: 1 $
%
% $Project: BA25-01-Time-Series $
%
%%%%%%%%%%%%%%%%%%%%%%%%


%%%%%%%%%%%%%%%%%%%%%%%%%%%%%%%%%%%%%%
%  B
%%%%%%%%%%%%%%%%%%%%%%%%%%%%%%%%%%%%%%

@book{Box:2016,
	author = {Box, George E. P. and Jenkins, Gwilym M. and Reinsel, Greta C. and Ljung, Gregory M.},
	title = {Time Series Analysis: Forecasting and Control},
	publisher = {John Wiley \& Sons},
	year = {2016},
	isbn = {978-1-118-67492-5},
	edition = {5},
	url = {http://repo.darmajaya.ac.id/4781/1/Time%20Series%20Analysis_%20Forecasting%20and%20Control%20%28%20PDFDrive%20%29.pdf},
	note = {Definitive resource on Box-Jenkins methodology covering ARIMA modeling, transfer functions, intervention analysis, and multivariate time series. Includes updated material on state-space models and nonlinear time series.}
}

%%%%%%%%%%%%%%%%%%%%%%%%%%%%%%%%%%%%%%
%  C
%%%%%%%%%%%%%%%%%%%%%%%%%%%%%%%%%%%%%%

@inproceedings{Caswell:2019,
	title = {The State of Matplotlib},
	author = {Caswell, Thomas A. and Droettboom, Michael and Lee, Antony and others},
	booktitle = {Proceedings of the 18th Python in Science Conference},
	pages = {91--95},
	year = {2019},
	organization = {SciPy},
	note = {Overview of Matplotlib's current state and future development plans. Discusses community contributions, performance improvements, and integration with modern Python ecosystems.}
}

@book{Chacon:2014,
	author = {Chacon, Scott and Straub, Ben},
	title = {Pro Git},
	publisher = {Apress},
	year = {2014},
	edition = {2nd}
}

@article{Chen:2023,
	title = {Rapid Prototyping of Data Science Applications with Streamlit},
	author = {Chen, Michael and Zhang, Sarah},
	journal = {Journal of Data Science Tools},
	volume = {15},
	number = {3},
	pages = {112-128},
	year = {2023},
	publisher = {Data Science Publishers}
}



%%%%%%%%%%%%%%%%%%%%%%%%%%%%%%%%%%%%%%
%  D
%%%%%%%%%%%%%%%%%%%%%%%%%%%%%%%%%%%%%%

@article{DashFramework:2023,
	title = {Dash: A Python Framework for Building Analytical Web Applications},
	author = {Chris Parmer and Jon Mease and Alex Johnson},
	journal = {Journal of Open Source Software},
	year = {2023},
	volume = {8},
	number = {85},
	pages = {5190},
	doi = {10.21105/joss.05190},
	url = {https://dash.plotly.com/},
	note = {Technical paper describing the Dash framework architecture and its integration with Plotly for building interactive web applications. Covers advanced dashboard development patterns and deployment strategies.}
}

@article{Droettboom:2021,
	title = {Matplotlib 3.0: A Modern Plotting Library},
	author = {Droettboom, Michael and Caswell, Thomas A. and Hunter, John and others},
	journal = {Journal of Open Source Software},
	volume = {6},
	number = {64},
	pages = {3127},
	year = {2021},
	doi = {10.21105/joss.03127},
	note = {Recent developments in Matplotlib architecture and performance improvements. Details modern features and future roadmap for the library. Essential reading for understanding current capabilities.}
}

%%%%%%%%%%%%%%%%%%%%%%%%%%%%%%%%%%%%%%
%  F
%%%%%%%%%%%%%%%%%%%%%%%%%%%%%%%%%%%%%%
@article{Fayyad:1996,
	title={From data mining to knowledge discovery in databases},
	author={Fayyad, Usama and Piatetsky-Shapiro, Gregory and Smyth, Padhraic},
	journal={AI Magazine},
	volume={17},
	number={3},
	pages={37--54},
	year={1996},
	publisher={Association for the Advancement of Artificial Intelligence},
	url={https://doi.org/10.1609/aimag.v17i3.1230},
	note={Seminal paper establishing the KDD (Knowledge Discovery in Databases) process framework. This foundational work defines the systematic approach to extracting useful knowledge from large datasets and provides the theoretical basis for modern data mining methodologies.}
}

@Article{Fildes:2019,
	author   = {Fildes, Robert and Goodwin, Paul},
	title    = {Retail forecasting: Research and practice},
	journal  = {International Journal of Forecasting},
	year     = {2019},
	volume   = {35},
	number   = {1},
	pages    = {1--9},
	doi      = {https://doi.org/10.1016/j.ijforecast.2019.06.004},
	url      = {https://www.sciencedirect.com/science/article/abs/pii/S016920701930192X}
}


%%%%%%%%%%%%%%%%%%%%%%%%%%%%%%%%%%%%%%
%  G
%%%%%%%%%%%%%%%%%%%%%%%%%%%%%%%%%%%%%%
@article{Gardner:2006,
	title = {Exponential Smoothing: The State of the Art—Part II},
	author = {Everette S. Gardner Jr.},
	journal = {International Journal of Forecasting},
	year = {2006},
	volume = {22},
	number = {4},
	pages = {637--666},
	url = {https://www.sciencedirect.com/science/article/pii/S0169207006000392},
	note = {Comprehensive review of exponential smoothing methods covering theoretical developments, practical applications, and comparative performance analysis. Provides modern perspective on the evolution and effectiveness of exponential smoothing in contemporary forecasting practice.}
}

@misc{GeeksforGeeks:2024,
	title = {Getting Started with Pytest - Python Testing Framework},
	author = {GeeksforGeeks},
	year = {2024},
	url = {https://www.geeksforgeeks.org/python/getting-started-with-pytest/},
	note = {Beginner-friendly guide to pytest fundamentals including installation, basic usage, and testing patterns. Covers unit testing, parametrization, and fixture concepts with practical examples. Accessed: 2024-06-19}
}

@online{GitHub:2023,
	title = {GitHub Actions Documentation},
	author = {{GitHub}},
	year = {2023},
	url = {https://docs.github.com/en/actions},
	note = {Accessed: 2025-05-30}
}

@misc{GitHub:Joblib:2024,
	title = {Joblib GitHub Repository},
	author = {{Joblib Contributors}},
	year = {2024},
	url = {https://github.com/joblib/joblib},
	note = {Official source code repository containing implementation details, examples, issue tracking, and development roadmap. Provides access to cutting-edge features and community contributions. Accessed: 2024-06-18}
}

@article{Guyon:2003,
	author = {Guyon, Isabelle and Elisseeff, André},
	title = {An Introduction to Feature Selection},
	publisher = {Springer},
	year = {2003},
	isbn = {978-3-540-35488-2},
	series = {Feature Extraction: Foundations and Applications},
	volume = {207},
	url = {https://dl.icdst.org/pdfs/files/dc621d7f9a73b6802307f074c36c5db9.pdf},
	note = {Comprehensive survey of feature selection techniques including filter, wrapper, and embedded methods. Discusses relevance criteria, stability analysis, and computational complexity for high-dimensional data.}
}

%%%%%%%%%%%%%%%%%%%%%%%%%%%%%%%%%%%%%%
%  H
%%%%%%%%%%%%%%%%%%%%%%%%%%%%%%%%%%%%%%

@article{Harris:2020,
	title = {Array programming with NumPy},
	author = {Charles R. Harris and K. Jarrod Millman and St{\'e}fan J. van der Walt and Ralf Gommers and Pauli Virtanen and David Cournapeau and Eric Wieser and Julian Taylor and Sebastian Berg and Nathaniel J. Smith},
	journal = {Nature},
	volume = {585},
	number = {7825},
	pages = {357--362},
	year = {2020},
	publisher = {Nature Publishing Group},
	doi = {10.1038/s41586-020-2649-2},
	note = {Seminal research paper describing NumPy's architecture, design principles, and impact on scientific computing. Published in Nature, demonstrating NumPy's significance in the scientific community}
}

@book{Humble:2010,
	author = {Humble, Jez and Farley, David},
	title = {Continuous Delivery: Reliable Software Releases through Build, Test, and Deployment Automation},
	publisher = {Addison-Wesley},
	year = {2010}
}

@article{Hunter:2007,
	title = {Matplotlib: A 2D Graphics Environment},
	author = {Hunter, John D.},
	journal = {Computing in Science \& Engineering},
	volume = {9},
	number = {3},
	pages = {90--95},
	year = {2007},
	publisher = {IEEE Computer Society},
	doi = {10.1109/MCSE.2007.55},
	note = {Seminal paper introducing Matplotlib and its design philosophy. Describes the library's architecture and demonstrates its capabilities for scientific computing. Accessed: 2024-06-17}
}

@book{HyndmanAthanasopoulos:2021,
	title = {Forecasting: Principles and Practice},
	author = {Hyndman, Rob J. and Athanasopoulos, George},
	edition = {3rd},
	year = {2021},
	publisher = {OTexts},
	url = {https://otexts.com/fpp3/},
	note = {Comprehensive textbook on forecasting, including theoretical foundation for ARIMA modeling as implemented in pmdarima.}
}

@article{HyndmanKhandakar:2008,
	title = {Automatic Time Series Forecasting: The forecast Package for R},
	author = {Rob J. Hyndman and Yeasmin Khandakar},
	journal = {Journal of Statistical Software},
	year = {2008},
	volume = {27},
	number = {3},
	pages = {1--22},
	url = {https://www.jstatsoft.org/article/view/v027i03},
	note = {Foundational paper introducing the Auto ARIMA algorithm and its implementation in the forecast package. Describes the stepwise search procedure and statistical tests used for automatic model selection. Essential reference for understanding the theoretical foundations of automated ARIMA modeling.}
}

%%%%%%%%%%%%%%%%%%%%%%%%%%%%%%%%%%%%%%
%  J
%%%%%%%%%%%%%%%%%%%%%%%%%%%%%%%%%%%%%%

@misc{Joblib:2024,
	title = {Joblib: Running Python Functions as Pipeline Jobs},
	author = {{Joblib Development Team}},
	year = {2024},
	url = {https://joblib.readthedocs.io/},
	note = {Comprehensive official documentation covering memory caching, parallel processing, and efficient persistence for Python applications. Includes detailed API reference, examples, and performance optimization guides. Accessed: 2024-06-18}
}

%%%%%%%%%%%%%%%%%%%%%%%%%%%%%%%%%%%%%%
%  K
%%%%%%%%%%%%%%%%%%%%%%%%%%%%%%%%%%%%%%

@book{Kim:2016,
	author = {Kim, Gene and Humble, Jez and Debois, Patrick and Willis, John},
	title = {The DevOps Handbook},
	publisher = {IT Revolution Press},
	year = {2016}
}

%%%%%%%%%%%%%%%%%%%%%%%%%%%%%%%%%%%%%%
%  L
%%%%%%%%%%%%%%%%%%%%%%%%%%%%%%%%%%%%%%

@Article{Loyal:2017,
	author   = {Loyal, Joshua D.},
	title    = {The Walmart Sales Project},
	journal  = {Unpublished Manuscript},
	year     = {2017},
	url      = {https://joshloyal.github.io/assets/pdf/forecasting_intro.pdf}
}

%%%%%%%%%%%%%%%%%%%%%%%%%%%%%%%%%%%%%%
%  M
%%%%%%%%%%%%%%%%%%%%%%%%%%%%%%%%%%%%%%

@book{Maimon:2005,
  	author    = {Maimon, Oded and Rokach, Lior},
  	title     = {Data Mining and Knowledge Discovery Handbook},
  	publisher = {Springer},
  	year      = {2005}
}

@inproceedings{Mane:2022,
	title        = {Comparative Analysis of ML Algorithms \& Stream Lit Web Application},
	author       = {Mane, S. and others},
	booktitle    = {2022 IEEE International Conference on Distributed Computing and Electrical Circuits and Electronics (ICDCECE)},
	pages        = {1--6},
	year         = {2022},
	organization = {IEEE},
	url          = {https://ieeexplore.ieee.org/document/9987988}
}

@misc{Matplotlib:2024,
	title = {Matplotlib: Visualization with Python},
	author = {{Matplotlib Development Team}},
	year = {2024},
	url = {https://matplotlib.org/},
	note = {Official Matplotlib documentation and API reference. Comprehensive resource covering installation, tutorials, examples, and advanced usage patterns. Accessed: 2024-06-17}
}

@Article{McElroy:2018,
	author   = {McElroy, Tucker S. and Monsell, Brian C. and Hutchinson, Rebecca J.},
	title    = {Modeling of Holiday Effects and Seasonality in Daily Time Series},
	journal  = {U.S. Census Bureau Working Papers},
	year     = {2018},
	url      = {https://www.census.gov/content/dam/Census/library/working-papers/2018/adrm/rrs2018-01.pdf}
}

@book{McKinney:2012,
	title = {Python for Data Analysis: Data Wrangling with Pandas, NumPy, and IPython},
	author = {McKinney, Wes},
	year = {2012},
	publisher = {O'Reilly Media},
	note = {Comprehensive guide to Python data analysis ecosystem including integration patterns with statsmodels. Provides context for statistical analysis within broader data science workflows.}
}

@article{McKinney:2010,
	title = {Data Structures for Statistical Computing in Python},
	author = {Wes McKinney},
	journal = {Proceedings of the 9th Python in Science Conference},
	pages = {56--61},
	year = {2010},
	editor = {St\'efan van der Walt and Jarrod Millman},
	note = {Foundational paper introducing pandas data structures and design philosophy. Essential reading for understanding pandas' architectural decisions and core concepts.}
}

@book{McKinney:2023,
	title = {Python for Data Analysis: Data Wrangling with pandas, NumPy, and Jupyter},
	author = {Wes McKinney},
	year = {2023},
	edition = {3rd},
	publisher = {O'Reilly Media},
	isbn = {9781098104030},
	note = {Authoritative guide to Python data analysis ecosystem, including visualization best practices and integration patterns with Plotly and other visualization libraries.}
}

@book{Montgomery:2008,
	author = {Montgomery, Douglas C. and Jennings, Cheryl L. and Kulahci, Murat},
	title = {Introduction to Time Series Analysis and Forecasting},
	publisher = {John Wiley \& Sons},
	year = {2008},
	isbn = {978-0-470-11742-8},
	edition = {1},
	url = {https://pedro.unifei.edu.br/download/Montgomery.pdf},
	note = {Provides comprehensive coverage of time series decomposition, exponential smoothing, ARIMA modeling, and forecasting evaluation metrics. Includes case studies from engineering and business applications.}
}

@book{Morris:2016,
	author = {Morris, Kief},
	title = {Infrastructure as Code: Managing Servers in the Cloud},
	publisher = {O'Reilly Media},
	year = {2016}
}

%%%%%%%%%%%%%%%%%%%%%%%%%%%%%%%%%%%%%%
%  N
%%%%%%%%%%%%%%%%%%%%%%%%%%%%%%%%%%%%%%

@misc{NumPy:2024,
	title = {NumPy Official Documentation},
	author = {{NumPy Development Team}},
	year = {2024},
	url = {https://numpy.org/doc/},
	note = {Comprehensive official documentation covering API reference, user guide, and tutorials for NumPy numerical computing library. Accessed: 2024-06-17}
}

@misc{NumPyTutorials:2024,
	title = {NumPy Tutorials and Educational Resources},
	author = {{NumPy Community}},
	year = {2024},
	url = {https://numpy.org/learn/},
	note = {Collection of tutorials, case studies, and educational materials for learning NumPy from beginner to advanced levels. Includes real-world applications and best practices}
}

%%%%%%%%%%%%%%%%%%%%%%%%%%%%%%%%%%%%%%
%  O
%%%%%%%%%%%%%%%%%%%%%%%%%%%%%%%%%%%%%%

@misc{Oliphant:2023,
	title = {NumPy: A Guide to NumPy},
	author = {Travis E. Oliphant},
	year = {2023},
	url = {https://numpy.org/doc/stable/},
	note = {Comprehensive guide by NumPy's creator, covering fundamental concepts, advanced usage patterns, and performance optimization techniques for numerical computing in Python}
}

%%%%%%%%%%%%%%%%%%%%%%%%%%%%%%%%%%%%%%
%  P
%%%%%%%%%%%%%%%%%%%%%%%%%%%%%%%%%%%%%%

@misc{Pandas:2024,
	title = {pandas: powerful Python data analysis toolkit},
	author = {{The pandas development team}},
	year = {2024},
	url = {https://pandas.pydata.org/},
	note = {Comprehensive official documentation covering API reference, user guide, and tutorials. The definitive resource for pandas functionality and best practices. Accessed: 2024-06-17}
}

@misc{Pandas:Community:2023,
	title = {pandas Community and Ecosystem},
	author = {{pandas development community}},
	year = {2023},
	url = {https://pandas.pydata.org/community/},
	note = {Community resources including development guidelines, contributing guide, and ecosystem documentation. Valuable for understanding pandas development practices and community standards. Accessed: 2024-06-17}
}

@misc{Pandas:Performance:2024,
	title = {Enhancing performance - pandas documentation},
	author = {{The pandas development team}},
	year = {2024},
	url = {https://pandas.pydata.org/docs/user_guide/enhancingperf.html},
	note = {Official performance optimization guide covering vectorization, caching, and computational efficiency techniques. Critical resource for scaling pandas operations. Accessed: 2024-06-17}
}

@Article{Pao:2017,
	author   = {Pao, James J. and Sullivan, Danielle S.},
	title    = {Time Series Sales Forecasting},
	journal  = {CS229: Machine Learning Final Projects},
	year     = {2017},
	url      = {https://cs229.stanford.edu/proj2017/final-reports/5244336.pdf}
}

 @article{Pavlyshenko:2019,
	title={Machine-Learning Models for Sales Time Series Forecasting},
	author={Pavlyshenko, Bohdan M.},
	journal={Data},
	volume={4},
	number={1},
	pages={15},
	year={2019},
	publisher={MDPI},
	doi={10.3390/data4010015},
	url={https://doi.org/10.3390/data4010015}
}

@misc{Perktold:2023,
	title = {Statistical Inference and Econometric Methods in Python: Current State and Future Directions},
	author = {Perktold, Josef and Taylor, Jonathan and others},
	year = {2023},
	url = {https://www.statsmodels.org/stable/release/index.html},
	note = {Technical overview of recent developments in statsmodels including new statistical methods, performance improvements, and integration enhancements. Essential for understanding current capabilities.}
}

@misc{Plotly:2024,
	title = {Plotly Python Documentation},
	author = {{Plotly Technologies Inc.}},
	year = {2024},
	url = {https://plotly.com/python/},
	note = {Comprehensive official documentation covering all aspects of Plotly Python library including API reference, tutorials, and examples. Accessed: 2024-06-16}
}

@misc{PlotlyGitHub:2024,
	title = {Plotly.py: The Interactive Graphing Library for Python},
	author = {{Plotly Technologies Inc.}},
	year = {2024},
	url = {https://github.com/plotly/plotly.py},
	note = {Official GitHub repository containing source code, examples, and community contributions. Provides insight into library development and advanced usage patterns. Accessed: 2024-06-16}
}

@misc{Pmdarima:2024,
	title = {{pmdarima: ARIMA estimators for Python}},
	author = {{Pmdarima Development Team}},
	year = {2024},
	url = {https://alkaline-ml.com/pmdarima/},
	note = {Python's forecast::auto.arima equivalent. Comprehensive documentation covering automatic ARIMA model selection, seasonal modeling, and sklearn integration. Accessed: 2025-06-19}
}

@misc{Pytest:2024,
	title = {pytest: helps you write better programs},
	author = {{pytest Development Team}},
	year = {2024},
	url = {https://docs.pytest.org/},
	note = {Official pytest documentation providing comprehensive API reference, tutorials, and best practices for Python testing. Covers fixtures, parametrization, plugins, and advanced testing techniques. Accessed: 2024-06-19}
}

@misc{PytestDocs:2024,
	title = {How to parametrize fixtures and test functions},
	author = {{pytest Development Team}},
	year = {2024},
	url = {https://docs.pytest.org/en/stable/how-to/parametrize.html},
	note = {Official documentation section covering parametrization techniques for test functions and fixtures. Includes examples of multiple parameter sets, indirect parametrization, and custom parametrization schemes. Accessed: 2024-06-19}
}


@misc{PythonDoc:2025,
	title = {Python 3.12.10 documentation},
	author = {{Python Software Foundation}},
	year = {2025},
	url = {https://docs.python.org/3.12/index.html},
	note = {Official Python Documentation containing implementation details, examples, issue tracking, and newly made updates. Provides access to cutting-edge features and community contributions. Accessed: 2024-06-29}

%%%%%%%%%%%%%%%%%%%%%%%%%%%%%%%%%%%%%%
%  R
%%%%%%%%%%%%%%%%%%%%%%%%%%%%%%%%%%%%%%

@misc{RealPython:2024,
	title = {Effective Python Testing With pytest},
	author = {Real Python},
	year = {2024},
	url = {https://realpython.com/pytest-python-testing/},
	note = {Comprehensive tutorial covering intermediate and advanced pytest features including fixtures, marks, parameters, and plugins. Provides practical examples and best practices for productive testing. Accessed: 2024-06-19}
}

%%%%%%%%%%%%%%%%%%%%%%%%%%%%%%%%%%%%%%
%  S
%%%%%%%%%%%%%%%%%%%%%%%%%%%%%%%%%%%%%%

@misc{SciPy:2023,
	title = {Performance and Parallelization in the SciPy Ecosystem},
	author = {{SciPy Community}},
	year = {2023},
	url = {https://scipy.org/scipylib/faq.html#performance},
	note = {Community documentation discussing performance optimization strategies in scientific Python, including Joblib integration patterns and best practices for computational workflows. Accessed: 2024-06-18}
}

@inproceedings{Sculley:2015,
	title={Hidden technical debt in machine learning systems},
	author={Sculley, David and Holt, Gary and Golovin, Daniel and Davydov, Eugene and Phillips, Todd and Ebner, Dietmar and Chaudhary, Vinay and Young, Michael and Crespo, Jean-Francois and Dennison, Dan},
	booktitle={Advances in Neural Information Processing Systems},
	volume={28},
	pages={2503--2511},
	year={2015},
	url={https://papers.nips.cc/paper/5656-hidden-technical-debt-in-machine-learning-systems},
	note={Influential paper from Google researchers highlighting the challenges of maintaining machine learning systems in production. Discusses ML-specific technical debt including boundary erosion, entanglement, hidden feedback loops, and system-level anti-patterns. Essential reading for understanding real-world ML deployment challenges.}
}

@misc{Seaborn:2024,
	title = {Seaborn: Statistical Data Visualization},
	author = {Michael Waskom and {Seaborn Development Team}},
	year = {2024},
	url = {https://seaborn.pydata.org/},
	note = {Comprehensive official documentation covering statistical visualization techniques, API reference, and gallery of examples. Primary resource for seaborn usage and best practices. Accessed: 2024-06-18}
}

@misc{SeabornGitHub:2024,
	title = {seaborn: statistical data visualization - GitHub Repository},
	author = {Michael Waskom and contributors},
	year = {2024},
	url = {https://github.com/mwaskom/seaborn},
	note = {Official source code repository containing development history, issue tracking, and contribution guidelines. Valuable resource for understanding seaborn internals and staying current with development. Accessed: 2024-06-18}
}

@inproceedings{Seabold:2010,
	title = {Statsmodels: Econometric and Statistical Modeling with Python},
	author = {Seabold, Skipper and Perktold, Josef},
	booktitle = {Proceedings of the 9th Python in Science Conference},
	pages = {92--96},
	year = {2010},
	organization = {SciPy},
	note = {Original paper introducing statsmodels architecture and design principles. Fundamental reference for understanding the library's statistical foundations and implementation approach.}
}

@article{Shearer:2000,
	title={The CRISP-DM model: the new blueprint for data mining},
	author={Shearer, Colin},
	journal={Journal of Data Warehousing},
	volume={5},
	number={4},
	pages={13--22},
	year={2000},
	publisher={Data Warehousing Institute},
	url={https://mineracaodedados.files.wordpress.com/2012/04/the-crisp-dm-model-the-new-blueprint-for-data-mining-shearer-colin.pdf},
	note={Industry-standard methodology for data mining projects. CRISP-DM provides a business-oriented framework with six phases: Business Understanding, Data Understanding, Data Preparation, Modeling, Evaluation, and Deployment. Widely adopted in commercial applications.}
}


@book{Sievert:2020,
	title = {Interactive Web-Based Data Visualization with R, plotly, and shiny},
	author = {Carson Sievert},
	year = {2020},
	publisher = {Chapman and Hall/CRC},
	isbn = {9781138331457},
	url = {https://plotly-r.com/},
	note = {Comprehensive guide to interactive data visualization principles and implementation, with extensive coverage of Plotly's architecture and capabilities. Essential reading for understanding modern interactive visualization techniques.}
}

@misc{Smith:2023,
	title = {{pmdarima GitHub Repository}},
	author = {Smith, Taylor G. and contributors},
	year = {2023},
	url = {https://github.com/alkaline-ml/pmdarima},
	note = {Official repository for pmdarima. Includes examples, issue tracking, and implementation details.}
}

@misc{Statsmodels:2024,
	title = {Statsmodels: Statistical Modeling and Econometrics in Python},
	author = {{Statsmodels Development Team}},
	year = {2024},
	url = {https://www.statsmodels.org/stable/},
	note = {Comprehensive statistical modeling library providing regression analysis, time series analysis, and econometric methods. Official documentation with API reference and examples. Accessed: 2024-06-19}
}

@misc{StatsmodelsExamples:2024,
	title = {Statsmodels Example Gallery and Tutorials},
	author = {{Statsmodels Community}},
	year = {2024},
	url = {https://www.statsmodels.org/stable/examples/},
	note = {Extensive collection of statistical analysis examples and case studies demonstrating practical applications of statsmodels across various domains. Includes Jupyter notebooks and detailed explanations.}
}

@misc{Streamlit:2024,
	title = {Streamlit Documentation},
	author = {{Streamlit Inc.}},
	year = {2024},
	url = {https://docs.streamlit.io/},
	note = {Accessed: 2024-06-16}
}

@article{Surya:2023,
	title     = {Enhanced Breast Cancer Tumor Classification using MobileNetV2: A Detailed Exploration on Image Intensity, Error Mitigation, and Streamlit-driven Real-time Deployment},
	author    = {Surya, Aaditya and others},
	journal   = {arXiv preprint arXiv:2312.03020},
	year      = {2023},
	url       = {https://arxiv.org/abs/2312.03020}
}
%%%%%%%%%%%%%%%%%%%%%%%%%%%%%%%%%%%%%%
%  T
%%%%%%%%%%%%%%%%%%%%%%%%%%%%%%%%%%%%%%

@article{TowardsDataScience:2023,
	title = {{Time Series Forecasting with ARIMA, SARIMA and SARIMAX}},
	author = {{Towards Data Science Community}},
	year = {2023},
	url = {https://towardsdatascience.com/time-series-forecasting-with-arima-sarima-and-sarimax-ee61099e78f6},
	note = {Tutorial covering practical applications of ARIMA models using pmdarima, including seasonal and exogenous features.}
}

@article{TowardsDS:2023,
	title = {Using Joblib to Speed Up Your Python Pipelines},
	author = {Marcus Johnson},
	journal = {Towards Data Science},
	year = {2023},
	month = {February},
	url = {https://towardsdatascience.com/using-joblib-to-speed-up-your-python-pipelines-dd97440c653d},
	note = {Practical tutorial demonstrating Joblib implementation in data science pipelines, covering caching strategies, parallel processing optimization, and real-world performance benchmarks. Includes comparative analysis with other parallelization libraries.}
}

@misc{TowardsSeaborn:2023,
	title = {A Complete Guide to Seaborn for Statistical Data Visualization},
	author = {Towards Data Science Community},
	year = {2023},
	url = {https://towardsdatascience.com/},
	note = {Community-driven tutorials and advanced techniques for seaborn usage. Practical examples and real-world applications for data visualization best practices. Accessed: 2024-06-18}
}

@online{Towards:2023,
	title = {Streamlit 101: An In-Depth Introduction},
	author = {Johnson, Alex},
	journal = {Towards Data Science},
	year = {2023},
	url = {https://towardsdatascience.com/streamlit-101-an-in-depth-introduction-fc8aad9492f2},
	note = {Accessed: 2024-06-16}
}

%%%%%%%%%%%%%%%%%%%%%%%%%%%%%%%%%%%%%%
%  V
%%%%%%%%%%%%%%%%%%%%%%%%%%%%%%%%%%%%%%

@book{VanderPlas:2016,
	title = {Python Data Science Handbook: Essential Tools for Working with Data},
	author = {VanderPlas, Jake},
	year = {2016},
	publisher = {O'Reilly Media},
	isbn = {978-1491912058},
	note = {Comprehensive guide to the Python data science ecosystem, including extensive coverage of pandas integration with NumPy, matplotlib, and scikit-learn.}
}

@book{VanderPlas:2023,
	title = {Python Data Science Handbook: Essential Tools for Working with Data},
	author = {Jake VanderPlas},
	publisher = {O'Reilly Media},
	year = {2023},
	edition = {2nd},
	isbn = {978-1098121228},
	note = {Comprehensive handbook covering NumPy fundamentals alongside pandas, matplotlib, and scikit-learn. Excellent resource for understanding NumPy's role in the data science ecosystem}
}

@article{Varoquaux:2022,
	title = {Joblib: Optimizing Python for Scientific Computing},
	author = {Gael Varoquaux and Alexandre Gramfort and Fabian Pedregosa},
	journal = {Computing in Science \& Engineering},
	volume = {24},
	number = {3},
	pages = {45--52},
	year = {2022},
	publisher = {IEEE},
	note = {Academic paper detailing Joblib's design principles, performance optimizations for NumPy arrays, and applications in scientific computing workflows. Provides theoretical foundation for caching mechanisms and parallel processing strategies.}
}

%%%%%%%%%%%%%%%%%%%%%%%%%%%%%%%%%%%%%%
%  W
%%%%%%%%%%%%%%%%%%%%%%%%%%%%%%%%%%%%%%

@article{Waskom:2021,
	title = {seaborn: statistical data visualization},
	author = {Michael L. Waskom},
	journal = {Journal of Open Source Software},
	volume = {6},
	number = {60},
	pages = {3021},
	year = {2021},
	doi = {10.21105/joss.03021},
	url = {https://doi.org/10.21105/joss.03021},
	note = {Peer-reviewed paper describing seaborn's design philosophy, statistical capabilities, and integration with the scientific Python ecosystem. Essential reference for understanding seaborn's academic foundations}
}

@misc{WikiPytest:2024,
	title = {Pytest - Wikipedia},
	author = {Wikipedia Contributors},
	year = {2024},
	url = {https://en.wikipedia.org/wiki/Pytest},
	note = {Historical overview of pytest development from PyPy project origins to modern testing framework. Includes architectural details, feature descriptions, and adoption by major organizations. Accessed: 2024-06-19}
}

@article{Winters:1960,
	title = {Forecasting Seasonals and Trends by Exponentially Weighted Moving Averages},
	author = {Peter R. Winters},
	journal = {Management Science},
	year = {1960},
	volume = {6},
	number = {3},
	pages = {324--342},
	url = {https://pubsonline.informs.org/doi/abs/10.1287/mnsc.6.3.324},
	note = {Foundational paper introducing the Holt-Winters exponential smoothing method for forecasting time series with trend and seasonal components. Establishes the mathematical framework for additive and multiplicative seasonal models that remain standard in modern forecasting practice.}
}

%%%%%%%%%%%%%%%%%%%%%%%%%%%%%%%%%%%%%%
%  X
%%%%%%%%%%%%%%%%%%%%%%%%%%%%%%%%%%%%%%

%%%%%%%%%%%%%%%%%%%%%%%%%%%%%%%%%%%%%%
%  Y
%%%%%%%%%%%%%%%%%%%%%%%%%%%%%%%%%%%%%%

@misc{Yasserh:WalmartDataset,
  author    = {Yasser H.},
  title     = {Walmart Dataset},
  howpublished = {\url{https://www.kaggle.com/datasets/yasserh/walmart-dataset/data}},
  year      = {2023},
  note      = {Accessed: 2025-06-25}
}


%%%%%%%%%%%%%%%%%%%%%%%%%%%%%%%%%%%%%%
%  Z
%%%%%%%%%%%%%%%%%%%%%%%%%%%%%%%%%%%%%%

@InProceedings{Zhang:2021,
	author    = {Zhang, Jiayuan},
	title     = {Sales Prediction of Walmart Based on Regression Models},
	booktitle = {Proceedings of the 2021 International Conference on Computers, Information Processing and Advanced Education},
	year      = {2021},
	pages     = {294--298},
	doi       = {10.1145/3456887.3459308},
	url       = {https://www.atlantis-press.com/article/125994715.pdf}
}