%%%%%%%%%%%%%%%%%%%%%%%%
%
% $Autor: Hemanth Jadiswami Prabhakaran $
% $Datum: 2025-06-25 05:57:19Z $
% $Pfad: GitHub/BA25-01-Time-Series/Presentations/WalmartSalesForecastingPresentations/Documents/MyLiterature.bib $
% $Version: 1 $
%
% $Project: BA25-Time-Series-Algorithms $
%
%%%%%%%%%%%%%%%%%%%%%%%%



% Strings
%@string{jCAGD = "Computer Aided Geometric Design"}
%@string{jCAD = "Computer Aided Design"}

% Encoding: UTF-8

%preamble{
%\AtEveryBibitem{\clearfield{note}}
%}%


% BibTeX Entries

%%%%%%%%%%%%%%%%%%%%%%%%%%%%%%%%%%%%%%
%  F
%%%%%%%%%%%%%%%%%%%%%%%%%%%%%%%%%%%%%%

@article{Fildes:2019,
	author   = {Fildes, Robert and Goodwin, Paul},
	title    = {Retail forecasting: Research and practice},
	journal  = {International Journal of Forecasting},
	year     = {2019},
	volume   = {35},
	number   = {1},
	pages    = {1--9},
	doi      = {10.1016/j.ijforecast.2018.09.008},
	url      = {https://www.sciencedirect.com/science/article/abs/pii/S016920701930192X}
}

%%%%%%%%%%%%%%%%%%%%%%%%%%%%%%%%%%%%%%
%  L
%%%%%%%%%%%%%%%%%%%%%%%%%%%%%%%%%%%%%%

@Article{Loyal:2017,
	author   = {Loyal, Joshua D.},
	title    = {The Walmart Sales Project},
	journal  = {Unpublished Manuscript},
	year     = {2017},
	url      = {https://joshloyal.github.io/assets/pdf/forecasting\_intro.pdf}
}

%%%%%%%%%%%%%%%%%%%%%%%%%%%%%%%%%%%%%%
%  M
%%%%%%%%%%%%%%%%%%%%%%%%%%%%%%%%%%%%%%

@inproceedings{Mane:2022,
	title = {Comparative Analysis of ML Algorithms \& Stream Lit Web Application},
	author = {Mane, S. and Ghodke, B. and Bobde, S. and Bodke, A. and Prof, A.},
	booktitle = {2022 IEEE International Conference on Distributed Computing and Electrical Circuits and Electronics (ICDCECE)},
	pages = {1--6},
	year = {2022},
	organization = {IEEE},
	doi = {10.1109/ICDCECE53908.2022.9725496}
}

@Article{McElroy:2018,
	author   = {McElroy, Tucker S. and Monsell, Brian C. and Hutchinson, Rebecca J.},
	title    = {Modeling of Holiday Effects and Seasonality in Daily Time Series},
	journal  = {U.S. Census Bureau Working Papers},
	year     = {2018},
	url      = {https://www.census.gov/content/dam/Census/library/working-papers/2018/adrm/rrs2018-01.pdf}
}

%%%%%%%%%%%%%%%%%%%%%%%%%%%%%%%%%%%%%%
%  P
%%%%%%%%%%%%%%%%%%%%%%%%%%%%%%%%%%%%%%

@Article{Pao:2017,
	author   = {Pao, James J. and Sullivan, Danielle S.},
	title    = {Time Series Sales Forecasting},
	journal  = {CS229: Machine Learning Final Projects},
	year     = {2017},
	url      = {https://cs229.stanford.edu/proj2017/final-reports/5244336.pdf}
}

%%%%%%%%%%%%%%%%%%%%%%%%%%%%%%%%%%%%%%
%  S
%%%%%%%%%%%%%%%%%%%%%%%%%%%%%%%%%%%%%%

@article{Surya:2023,
	title = {Enhanced Breast Cancer Tumor Classification using MobileNetV2: A Detailed Exploration on Image Intensity, Error Mitigation, and Streamlit-driven Real-time Deployment},
	author = {Surya, Aaditya and Kwatra, Naman and Garg, Aastha and Jindal, Saksham},
	journal = {arXiv preprint arXiv:2312.03020},
	year = {2023}
}

%%%%%%%%%%%%%%%%%%%%%%%%%%%%%%%%%%%%%%
%  Z
%%%%%%%%%%%%%%%%%%%%%%%%%%%%%%%%%%%%%%

@InProceedings{Zhang:2021,
	author    = {Zhang, Jiayuan},
	title     = {Sales Prediction of Walmart Based on Regression Models},
	booktitle = {Proceedings of the 2021 International Conference on Computers, Information Processing and Advanced Education},
	year      = {2021},
	pages     = {294--298},
	doi       = {10.1145/3456887.3459308},
	url       = {https://www.atlantis-press.com/article/125994715.pdf}
}